@online{pmblog,
    title="Lastenhefte - Eine schrittweise Anleitung für den perfekten Aufbau ",
    author="Carsten Tauss",
    url="https://www.pm-blog.eu/themen/methoden/lastenhefte-eine-schrittweise-anleitung-fur-den-perfekten-aufbau.html",
    addendum="Veröffentlicht am 14.05.2014"
}
@misc{DIN69901-5,
    author="DIN 69901-5",
    title="Projektmanagement - Projektmanagementsysteme - Teil 5: Begriffe",
    year="01.2009"
}
@misc{AZAP,
    author="Fachhochschule Aachen",
    title="Antrag auf Gewährung einer Bundeszuwendung auf Ausgabenbasis (AZAP)",
    year="26.04.2018"
}
@book{RIL915,
    title="RIL 915 - Bremsen im Betrieb bedienen und prüfen",
    author="DB Systemtechnik GmbH",
    year="2016"
}

@book{RIL936,
    title="RIL 936 - Technische Wagenbehandlung im Betrieb (Güterwagen)",
    author="DB Cargo AG",
    year="2016"
}
@article{ETR_2,
    author="M. Enning; R. Pfaff",
    title="Güterwagen 4.0 – Der Güterwagen für das Internet der Dinge. Teil 2: Ausgewählte technische Aspekte und Prozesse.",
    journal="ETR-Eisenbahntechnische Rundschau",
    volume="ISSN: 0013-2845", number="Heft 5", pages="74-77",
    year="2018"
}

@article{ETR_3,
    author="B. Schmidt; M. Enning; R. Pfaff",
    title="Güterwagen 4.0 – Der Güterwagen für das Internet der Dinge. Teil 3: Einführungsszenarien für aktive, kommunikative Güterwagen",
    journal="ETR-Eisenbahntechnische Rundschau",
    volume="ISSN:0013-2845", number="Heft 5",pages="60-63",
    year="2018"
}

@article{RTUS,
    author=" M. Enning; R. Fratscher",
    title="Funk-Kommunikation für Güterwagen. Prinzipien und Anwendungsbeispiel.",
    journal=" IRSA Konferenz Aachen",
    year="21.11.2017"
}

@book{RIL408,
    title="RIL 408 - Fahrdienstvorschrift",
    author="DB Netz AG",
    year="2014"
}

@article{Stephenson,
    author="B. Schmidt; M. Enning; R. Pfaff",
    title="Towards inclusion of the freight rail system in the industrial internet of things – Wagon 4.0",
    journal="Stephenson Conference, London",
    year="03.2017"
}

@misc{DINEN50155,
    author="DIN EN 50155",
    title="Bahnanwendungen - Elektronische Einrichtungen auf Schienenfahrzeugen",
    year="05.2018"
}
@misc{DINEN61373,
    author="DIN EN 61373",
    title="Bahnanwendungen - Betriebsmittel von Bahnfahrzeugen - Prüfungen für Schwingen und Schocken (IEC 61373:2010)",
    year="04.2011"
}
@misc{IDR,
    author="Joachim Kochsiek",
    title="Persönliche Kommunikation, Düsseldorf",
    year="25.01.2019"
}
@misc{DINEN45545-2,
    author="DIN EN 45545-2",
    title="Bahnanwendungen - Brandschutz in Schienenfahrzeugen - Teil 2: Anforderungen an das Brandverhalten von Materialien und Komponenten",
    year="02.2016"
}
@book{Verkehrslogistik,
    title="Verkehrs- und Transportlogistik",
    author="Uwe Clausen, Christiane Geiger",
    year="20.09.2013",
    publisher="Springer-Verlag"
}

@article{GAK,
    author=" M. Enning; R. Pfaff; B. Schmidt",
    title="Innovationen im Betrieb: Vollautomatische \newline ''Briefkasten''-Anschlussbedienung -  Gleisanschlussverkehr 4.0",
    journal="1. BME-VDV-Gleis- anschlusskonferenz",
    year="17.10.2018",
    url="www.vdv-akademie.de/downloads-archiv-tagungen-und-seminare/bme-vdv-gleisanschluss- konferenz2018/"
}
@online{rennsteigbahn,
    title="Eisenbahnverkehrsunternehmen (EVU)",
    author="RennsteigBahn",
    url="https://www.rennst- eigbahn.de/content/rennsteigbahn/eisenbahnverkehrsunternehmen-evu/",
    addendum="Aufgerufen am 20.02.2019"
}
@article{autonBetrieb,
    author=" Manfred Enning",
    title="Auf dem Weg zum autonomen Betrieb der Letzten Meile",
    journal="Autonomes, teilautomatisiertes Fahren und Assistenzsysteme im Schienenfahrzeugbetrieb - Breidenbach und Frost",
    year="03.04.2019",
    url="folgt"
}